@inproceedings{zhang,
 author = {Zhang, Lintao and Malik, Sharad},
 title = {Validating SAT Solvers Using an Independent Resolution-Based Checker: Practical Implementations and Other Applications},
 booktitle = {DATE '03: Proceedings of the conference on Design, Automation and Test in Europe},
 year = {2003},
 isbn = {0-7695-1870-2},
 pages = {10880},
 publisher = {IEEE Computer Society},
 address = {Washington, DC, USA},
 }

@Unpublished{rewip,
 author = {Natarajan Shankar},
 title = {Rewriting, Inference and Proof},
 note = {International Workshop on Rewriting Logic and its Applications, 2010},
}

@techreport{pvsio,
  author =       "C{\'{e}}sar Mu{\~{n}}oz",
  title =        "Rapid prototyping in {PVS}",
  institution =  "NASA",
  month =        "May",
  year =         "2003",
  type =         "Contractor Report",
  number =       "NASA/CR-2003-212418",
  address =      "Langley Research Center, Hampton VA 23681-2199, USA"}

@MANUAL{userguide,
  TITLE = {PVS System Guide},
  AUTHOR = {S. Owre and N. Shankar and J. M. Rushby and D. W. J.
		Stringer-Calvert},
  MONTH = SEP,
  YEAR = 1999,
  ORGANIZATION = {Computer Science Laboratory, SRI International},
  ADDRESS = {Menlo Park, CA}
}

@MANUAL{prover,
  TITLE = {PVS Prover Guide},
  AUTHOR = {N. Shankar and S. Owre and J. M. Rushby and D. W. J.
		Stringer-Calvert},
  MONTH = SEP,
  YEAR = 1999,
  ORGANIZATION = {Computer Science Laboratory, SRI International},
  ADDRESS = {Menlo Park, CA}
}

@TECHREPORT{eexec,
    author = {Shankar and Natarajan Shankar},
    title = {Efficiently Executing PVS},
    institution = {Project report, ComputerScience Laboratory, SRI International, Menlo Park},
    year = {1999}
}
